<?xml version="1.0" encoding="UTF-8"?><collection xmlns="http://www.loc.gov/MARC21/slim"><record><leader>00466nam--2200181-u-4500</leader><controlfield tag="001">000053889</controlfield><controlfield tag="002">20161230</controlfield><controlfield tag="005">20161230201051</controlfield><controlfield tag="008">110630s1000------------r-----000-0-rus-d</controlfield><datafield ind1=" " ind2=" " tag="040"><subfield code="a">IFIN-HH</subfield></datafield><datafield ind1=" " ind2=" " tag="041"><subfield code="a">rus</subfield></datafield><datafield ind1=" " ind2=" " tag="080"><subfield code="a">537</subfield></datafield><datafield ind1="1" ind2=" " tag="100"><subfield code="a">Levin, B.R</subfield></datafield><datafield ind1="1" ind2="0" tag="245"><subfield code="a">Teoria cluceaynikh protsessov i ee primenenie v radiotekhnike</subfield><subfield code="c">B.r. levin</subfield></datafield><datafield ind1=" " ind2=" " tag="260"><subfield code="a">Moskva</subfield><subfield code="b">Sovetskoe Radio</subfield><subfield code="c">1957</subfield></datafield><datafield ind1=" " ind2=" " tag="300"><subfield code="a">496P</subfield></datafield><datafield ind1=" " ind2=" " tag="852"><subfield code="a">78594</subfield><subfield code="c">537:538</subfield></datafield><datafield ind1=" " ind2=" " tag="CAT"><subfield code="a">Sys</subfield><subfield code="c">20110630</subfield><subfield code="h">095547</subfield></datafield></record></collection>